<record><leader>00000cas a2200000 a 4500</leader><controlfield tag="001">47220644</controlfield><controlfield tag="008">010629d19251936cauwr ne      0    0eng c</controlfield><datafield ind1=" " ind2=" " tag="010"><subfield code="a">sn2001060511</subfield></datafield><datafield ind1=" " ind2=" " tag="040"><subfield code="a">CNK</subfield><subfield code="b">eng</subfield><subfield code="c">CNK</subfield><subfield code="d">OCLCQ</subfield><subfield code="d">CNK</subfield><subfield code="d">OCLCQ</subfield><subfield code="d">OCLCF</subfield><subfield code="d">OCLCO</subfield></datafield><datafield ind1="1" ind2=" " tag="029"><subfield code="a">AU@</subfield><subfield code="b">000022802339</subfield></datafield><datafield ind1=" " ind2=" " tag="042"><subfield code="a">pcc</subfield></datafield><datafield ind1=" " ind2=" " tag="043"><subfield code="a">n-us-ca</subfield></datafield><datafield ind1="0" ind2="0" tag="245"><subfield code="a">Costa Mesa herald.</subfield></datafield><datafield ind1=" " ind2=" " tag="260"><subfield code="a">Costa Mesa, Calif. :</subfield><subfield code="b">Newport Harbor Pub. Co.</subfield></datafield><datafield ind1=" " ind2=" " tag="300"><subfield code="a">v.</subfield></datafield><datafield ind1=" " ind2=" " tag="310"><subfield code="a">Weekly</subfield></datafield><datafield ind1="0" ind2=" " tag="362"><subfield code="a">Vol. 3, no. 15 (Mar. 27 [i.e. 31], 1925)-v. 14, no. 17 (May 28, 1936).</subfield></datafield><datafield ind1=" " ind2=" " tag="530"><subfield code="a">Master negatives are available for duplication from:</subfield><subfield code="b">California Newspaper Microfilm Archive;</subfield><subfield code="c">positive copies may be purchased by the reel; for further information consult the CNMA at:</subfield><subfield code="u">http://cbsr.ucr.edu</subfield></datafield><datafield ind1=" " ind2="0" tag="651"><subfield code="a">Costa Mesa (Calif.)</subfield><subfield code="v">Newspapers.</subfield></datafield><datafield ind1=" " ind2="7" tag="655"><subfield code="a">Newspapers.</subfield><subfield code="2">fast</subfield><subfield code="0">(OCoLC)fst01423814</subfield></datafield><datafield ind1=" " ind2="7" tag="651"><subfield code="a">California</subfield><subfield code="z">Costa Mesa.</subfield><subfield code="2">fast</subfield><subfield code="0">(OCoLC)fst01217487</subfield></datafield><datafield ind1=" " ind2=" " tag="752"><subfield code="a">United States</subfield><subfield code="b">California</subfield><subfield code="c">Orange</subfield><subfield code="d">Costa Mesa.</subfield></datafield><datafield ind1="0" ind2="0" tag="780"><subfield code="t">Costa Mesa herald and the Newport news</subfield><subfield code="w">(DLC)sn2001060510</subfield></datafield><datafield ind1="0" ind2="7" tag="785"><subfield code="t">Costa Mesa globe</subfield><subfield code="w">(DLC)sn2001060522</subfield></datafield><datafield ind1="0" ind2="7" tag="785"><subfield code="t">Costa Mesa globe-herald</subfield><subfield code="w">(DLC)sn2001060512</subfield></datafield></record>